@misc{picameradocs,
	title = {Advanced Recipes - Picamera 1.13 Documentation},
	url = {https://picamera.readthedocs.io/en/release-1.13/recipes2.html#raw-bayer-data-captures},
	urldate = {2018-11-17},
}